@report{hootsuite2025,
    title = {Social Media Trends 2025: Higher Education Edition},
    author = {Hootsuite Research Team},
    year = {2025},
    institution = {Hootsuite Inc.},
    url = {https://blog.hootsuite.com/social-media-education-benchmarks/}
}

@article{rivaliq2025,
    title = {2025 Higher Education Social Media Engagement Report},
    author = {Rival IQ Analytics Team},
    journal = {Rival IQ Blog},
    year = {2025},
    url = {https://www.rivaliq.com/blog/higher-ed-social-media-engagement-report/}
}

@techreport{quid2025,
    title = {Higher Education Social Media Engagement Report},
    author = {Quid Research Team},
    year = {2025},
    institution = {Quid},
    url = {https://www.quid.com/knowledge-hub/resource-library/blog/2025-higher-education-social-media-engagement-report}
}

@article{sprout2025,
    title = {Social Media Benchmarks by Industry in 2025},
    author = {Sprout Social Research Team},
    journal = {Sprout Social Insights},
    year = {2025},
    url = {https://sproutsocial.com/insights/social-media-benchmarks-by-industry/}
}

@book{kaplan2024,
    title = {Social Media in Higher Education: Strategies for Success},
    author = {Kaplan, Andreas M. and Haenlein, Michael},
    year = {2024},
    publisher = {Springer},
    address = {New York}
}

@article{wang2025,
    title = {The Impact of TikTok on Higher Education Marketing},
    author = {Wang, Lisa and Chen, James},
    journal = {Journal of Digital Marketing in Education},
    volume = {12},
    number = {2},
    pages = {45-67},
    year = {2025}
}

@inproceedings{smith2024,
    title = {Instagram Reels vs. TikTok: Engagement Analysis in Higher Education},
    author = {Smith, John and Brown, Sarah},
    booktitle = {Proceedings of the International Conference on Social Media Marketing},
    pages = {123-135},
    year = {2024},
    organization = {ICSM}
}

@article{rodriguez2025,
    title = {Content Strategy Evolution in University Social Media},
    author = {Rodriguez, Maria and Lee, David},
    journal = {Higher Education Marketing Quarterly},
    volume = {15},
    number = {1},
    pages = {78-92},
    year = {2025}
}

@techreport{pew2025,
    title = {Social Media Use in 2025},
    author = {Pew Research Center},
    year = {2025},
    institution = {Pew Research Center},
    url = {https://www.pewresearch.org/internet/2025/social-media-use-2025/}
}

@article{zhang2024,
    title = {Video Content Strategy for Universities: A Comparative Analysis},
    author = {Zhang, Wei and Anderson, Mark},
    journal = {Journal of Educational Marketing},
    volume = {8},
    number = {4},
    pages = {156-172},
    year = {2024}
}

@book{miller2025,
    title = {Digital Marketing for Educational Institutions},
    author = {Miller, Rebecca and Davis, Thomas},
    year = {2025},
    publisher = {Wiley},
    address = {London}
}

@article{cohen2025,
    title = {Generation Z Engagement Patterns in Higher Education Social Media},
    author = {Cohen, Rachel and Martinez, Juan},
    journal = {Social Media Studies},
    volume = {10},
    number = {3},
    pages = {201-218},
    year = {2025}
}

@inproceedings{kumar2024,
    title = {AI-Driven Content Optimization for University Social Media},
    author = {Kumar, Priya and Wilson, Emma},
    booktitle = {Proceedings of the Digital Marketing in Education Conference},
    pages = {89-102},
    year = {2024},
    organization = {DMEC}
}

@techreport{brandwatch2025,
    title = {Higher Education Social Media Benchmark Report},
    author = {Brandwatch Analytics Team},
    year = {2025},
    institution = {Brandwatch},
    url = {https://www.brandwatch.com/reports/higher-education-2025}
}

@article{thompson2025,
    title = {Social Media ROI in Higher Education Marketing},
    author = {Thompson, Michael and Garcia, Ana},
    journal = {Digital Marketing Education Review},
    volume = {7},
    number = {2},
    pages = {112-128},
    year = {2025}
}
